@InProceedings{Sun_2013_ICCV,
	author = {C. Sun and R. Nevatia},
	title = {ACTIVE: Activity Concept Transitions in Video Event Classification},
	booktitle = {ICCV},
  	pages     = {913--920},
	year = {2013},
} 

@book{RasmussenGPML,
 author = {C. Rasmussen and C. Williams},
 title = {Gaussian Processes for Machine Learning (Adaptive Computation and Machine Learning)},
 year = {2005},
 publisher = {The MIT Press},
} 


@InProceedings{W.Chu_ARD,
  author =       "W. Chu and Z. Ghahramani",
  title =        "Preference learning with gaussian processes",
  booktitle = 	 "ICML",
  year = 	 "2005",
}

@Article{Nocedal_conjugate_gradient,
  author =       "J. Nocedal and S.J. Wright.",
  title =        "Numerical Operation",
  journal = 	 "Springer",
  year = 	 "2006",
  pages = 	 "101-134",
}




@article{J.M.Wang_GPR_flow,
  author =       "J. Wang and D. Fleet and A. Hertzmann",
  title =        "Gaussian process dynamical models for human motion",
  journal = 	 "IEEE Trans. PAMI",
  year = 	 "2008",
  volume = 	 {30},
  pages = 	 {283--298},
}

@inproceedings{Urtasun_GPR_tracking,
  author =       "R. Urtasun and D. Fleet and P. Fua",
  title =        "3D people tracking with gaussian process dynamical models",
  booktitle = 	 "CVPR",
  year = 	 "2006",
  pages = 	 "238-245",
}

@inproceedings{S.Gong_GP_recognintion,
  author =       "S. Gong and T. Xiang",
  title =        "Recognition of group activities using dynamic probabilistic networks",
  booktitle = 	 "ICCV",
  year = 	 "2003",
  pages = 	 "742-749",
}



@inproceedings{CC.Loy_scenedecomposition,
  author = {C. Loy and T. Xiang and S. Gong},
  title =  "Multi-camera activity correlation analysis",
  booktitle = {CVPR},
  pages = {1988-1995},
  year = {2009},
}


@Article{C.Liu_opticflow,
  author =       "C. Liu",
  title =        "Beyond Pixels: Exploring New Representations and Applications for Motion Analysis",
  journal = 	 "PhD Thesis., MIT",
  year = 	 "2009",
}


@inproceedings{CC.Loy_GP,
  author =       "C. Loy and T. Xiang and S. Gong",
  title =        "Modelling Multi-object Activity by Gaussian Processes",
  booktitle = 	 "BMVC",
  year = 	 "2009",
  pages = 	 "1988-1995",
}


@inproceedings{SwearsHJB14,
  author    = {E. Swears and
               A. Hoogs and
               Q. Ji and
               K. Boyer},
  title     = {Complex Activity Recognition Using Granger Constrained {DBN} (GCDBN)
               in Sports and Surveillance Video},
  booktitle = {CVPR},
  pages     = {788--795},
  year      = {2014},
}

@article{nocedal2006numerical,
  title={Numerical optimization, series in operations research and financial engineering},
  author={Nocedal, Jorge and Wright, Stephen},
  journal= {Springer, new York, USA},
  year={1996},
}


@book{rasmussen2006gaussian,
  title={Gaussian processes for machine learning},
  author={Rasmussen, Carl Edward},
  year={2006},
  publisher={The MIT Press},
}

@article{williams1996gaussian,
  title={Gaussian processes for regression},
  author={Williams, Christopher KI and Rasmussen, Carl Edward},
  year={1996},
  publisher={MIT}
}

@article{williams1998bayesian,
  title={Bayesian classification with Gaussian processes},
  author={Williams, Christopher KI and Barber, David},
  journal={PAMI},
  volume={20},
  number={12},
  pages={1342--1351},
  year={1998},
}

@inproceedings{hu2009abnormal,
  title={Abnormal Activity Recognition Based on HDP-HMM Models},
  author={Hu, Derek Hao and Zhang, Xian-Xing and Yin, Jie and Zheng, Vincent Wenchen and Yang, Qiang},
  booktitle={IJCAI},
  pages={1715--1720},
  year={2009}
}

@inproceedings{sun2013active,
  title={Active: Activity concept transitions in video event classification},
  author={Sun, Chen and Nevatia, Ram},
  booktitle={ICCV},
  pages={913--920},
  year={2013},
}

@phdthesis{minka2001family,
  title={A family of algorithms for approximate Bayesian inference},
  author={Minka, Thomas P},
  year={2001},
  school={MIT},
}

@article{nocedal2006numerical,
  title={Numerical optimization, series in operations research and financial engineering},
  author={Nocedal, Jorge and Wright, Stephen},
  journal={Springer, New York, USA},
  year={2006},
}


@article{zhou2009human,
  title={Human action recognition by feature-reduced Gaussian process classification},
  author={Zhou, Hang and Wang, Liang and Suter, David},
  journal={Pattern Recognition Letters},
  volume={30},
  number={12},
  pages={1059--1066},
  year={2009},
}

@inproceedings{ellis2009modelling,
  title={Modelling pedestrian trajectory patterns with gaussian processes},
  author={Ellis, David and Sommerlade, Eric and Reid, Ian},
  booktitle={ICCV Workshop},
  pages={1229--1234},
  year={2009},
}

@inproceedings{li2008global,
  title={Global Behaviour Inference using Probabilistic Latent Semantic Analysis.},
  author={Li, Jian and Gong, Shaogang and Xiang, Tao},
  booktitle={BMVC},
  volume={3231},
  pages={3232},
  year={2008}
}




@inproceedings{tang2013combining,
  title={Combining the right features for complex event recognition},
  author={Tang, Kevin and Yao, Bangpeng and Fei-Fei, Li and Koller, Daphne},
  booktitle={ICCV},
  pages={2696--2703},
  year={2013},
}

@inproceedings{wang2014hierarchical,
  title={A Hierarchical Context Model for Event Recognition in Surveillance Video},
  author={Wang, Xiaoyang and Ji, Qiang},
  booktitle={CVPR},
  pages={2561--2568},
  year={2014},
}

@inproceedings{amer2014hirf,
  title={HiRF: Hierarchical Random Field for Collective Activity Recognition in Videos},
  author={Amer, Mohamed Rabie and Lei, Peng and Todorovic, Sinisa},
  booktitle={ECCV},
  pages={572--585},
  year={2014},}

@article{jiang2013high,
  title={High-level event recognition in unconstrained videos},
  author={Jiang, Yu-Gang and Bhattacharya, Subhabrata and Chang, Shih-Fu and Shah, Mubarak},
  journal={International Journal of Multimedia Information Retrieval},
  volume={2},
  number={2},
  pages={73--101},
  year={2013},
}

@inproceedings{oh2011large,
  title={A large-scale benchmark dataset for event recognition in surveillance video},
  author={Oh, Sangmin and Hoogs, Anthony and Perera, Amitha and Cuntoor, Naresh and Chen, Chia-Chih and Lee, Jong Taek and Mukherjee, Saurajit and Aggarwal, JK and Lee, Hyungtae and Davis, Larry and others},
  booktitle={CVPR},
  pages={3153--3160},
  year={2011},
}

@inproceedings{marszalek2009actions,
  title={Actions in context},
  author={Marszalek, Marcin and Laptev, Ivan and Schmid, Cordelia},
  booktitle={CVPR},
  pages={2929--2936},
  year={2009},
}

@inproceedings{schuldt2004recognizing,
  title={Recognizing human actions: a local SVM approach},
  author={Schuldt, Christian and Laptev, Ivan and Caputo, Barbara},
  booktitle={Pattern Recognition, 2004. ICPR 2004. Proceedings of the 17th International Conference on},
  volume={3},
  pages={32--36},
  year={2004},
  organization={IEEE}
}

@inproceedings{cheng2010group,
  title={Group Activity Recognition by Gaussian Processes Estimation.},
  author={Cheng, Zhongwei and Qin, Lei and Huang, Qingming and Jiang, Shuqiang and Tian, Qi},
  booktitle={ICPR},
  pages={3228--3231},
  year={2010}
}


@inproceedings{ghanem2004representation,
  title={Representation and recognition of events in surveillance video using petri nets},
  author={Ghanem, Nagia and DeMenthon, Daniel and Doermann, David and Davis, Larry},
  booktitle={Computer Vision and Pattern Recognition Workshop},
  pages={112--112},
  year={2004},
}


%%==================tack based=================================
@inproceedings{kim2011gaussian,
  title={Gaussian process regression flow for analysis of motion trajectories},
  author={Kim, Kihwan and Lee, Dongryeol and Essa, Irfan},
  booktitle={ICCV},
  pages={1164--1171},
  year={2011},
}

@article{wang2011trajectory,
  title={Trajectory analysis and semantic region modeling using nonparametric hierarchical bayesian models},
  author={Wang, Xiaogang and Ma, Keng Teck and Ng, Gee-Wah and Grimson, W Eric L},
  journal={International journal of computer vision},
  volume={95},
  number={3},
  pages={287--312},
  year={2011},
  publisher={Springer}
}

@article{Oliver_tracking_based,
 author = "N. Oliver and B. Rosario and A. Pentland",
 title = {A Bayesian Computer Vision System for Modeling Human Interactions},
 journal = {IEEE Trans. PAMI},
 volume = {22},
 number = {8},
 year = {2000},
 pages = {831--843},
} 

@article{wang2014abnormal,
  title={Abnormal behavior detection using trajectory analysis in camera sensor networks},
  author={Wang, Yong and Wang, Dianhong and Chen, Fenxiong},
  journal={International Journal of Distributed Sensor Networks},
  volume={2014},
  year={2014},
  publisher={Hindawi Publishing Corporation}
}

@article{aggarwal2011human,
  title={Human activity analysis: A review},
  author={Aggarwal, Jake K and Ryoo, Michael S},
  journal={ACM Computing Surveys (CSUR)},
  volume={43},
  number={3},
  pages={16},
  year={2011},
  publisher={ACM}
}

@inproceedings{tiger2014towards,
  title={Towards Learning and Classifying Spatio-Temporal Activities in a Stream Processing Framework},
  author={Tiger, Mattias and Heintz, Fredrik},
  booktitle={STAIRS 2014: Proceedings of the 7th European Starting AI Researcher Symposium},
  pages={280--289},
  year={2014}
}

@incollection{berclaz2008multi,
  title={Multi-camera tracking and atypical motion detection with behavioral maps},
  author={Berclaz, J{\'e}r{\^o}me and Fleuret, Fran{\c{c}}ois and Fua, Pascal},
  booktitle={Computer Vision--ECCV 2008},
  pages={112--125},
  year={2008},
  publisher={Springer}
}


%=================beyond tracking====================
@inproceedings{saleemi2010scene,
  title={Scene understanding by statistical modeling of motion patterns},
  author={Saleemi, Imran and Hartung, Lance and Shah, Mubarak},
  booktitle={CVPR},
  pages={2069--2076},
  year={2010},
}

@inproceedings{benezeth2009abnormal,
  title={Abnormal events detection based on spatio-temporal co-occurences},
  author={Benezeth, Yannick and Jodoin, P-M and Saligrama, Venkatesh and Rosenberger, Christophe},
  booktitle={CVPR 2009},
  pages={2458--2465},
  year={2009},
}

@inproceedings{duong2005activity,
  title={Activity recognition and abnormality detection with the switching hidden semi-markov model},
  author={Duong, Thi V and Bui, Hung Hai and Phung, Dinh Q and Venkatesh, Svetha},
  booktitle={CVPR},
  pages={838--845},
  year={2005},
}

@inproceedings{zhong2004detecting,
  title={Detecting unusual activity in video},
  author={Zhong, Hua and Shi, Jianbo and Visontai, Mirk{\'o}},
  booktitle={CVPR},
  volume={2},
  pages={II--819},
  year={2004},
}

@inproceedings{zelnik2001event,
  title={Event-based analysis of video},
  author={Zelnik-Manor, Lihi and Irani, Michal},
  booktitle={CVPR},
  volume={2},
  pages={II--123},
  year={2001},
}

@article{boiman2007detecting,
  title={Detecting irregularities in images and in video},
  author={Boiman, Oren and Irani, Michal},
  journal={International Journal of Computer Vision},
  volume={74},
  number={1},
  pages={17--31},
  year={2007},
  publisher={Springer}
}

@article{xiang2006beyond,
  title={Beyond tracking: Modelling activity and understanding behaviour},
  author={Xiang, Tao and Gong, Shaogang},
  journal={International Journal of Computer Vision},
  volume={67},
  number={1},
  pages={21--51},
  year={2006},
  publisher={Springer}
}

%============HDP and LDA=======================
@article{teh2006hdp,
  title={Hierarchical dirichlet processes},
  author={Teh, Yee Whye and Jordan, Michael I and Beal, Matthew J and Blei, David M},
  journal={Journal of the American Statistical Association},
  volume={101},
  number={476},
  year={2006},
}

@article{wang2009unsupervised,
  title={Unsupervised activity perception in crowded and complicated scenes using hierarchical bayesian models},
  author={Wang, Xiaogang and Ma, Xiaoxu and Grimson, W Eric L},
  journal={PAMI},
  volume={31},
  number={3},
  pages={539--555},
  year={2009},
}

@inproceedings{hospedales2009markov,
  title={A markov clustering topic model for mining behaviour in video},
  author={Hospedales, Timothy and Gong, Shaogang and Xiang, Tao},
  booktitle={ICCV},
  pages={1165--1172},
  year={2009},
}

@article{hospedales2012video,
  title={Video behaviour mining using a dynamic topic model},
  author={Hospedales, Timothy and Gong, Shaogang and Xiang, Tao},
  journal={International journal of computer vision},
  volume={98},
  number={3},
  pages={303--323},
  year={2012},
  publisher={Springer}
}

@inproceedings{kuettel2010s,
  title={What's going on? Discovering spatio-temporal dependencies in dynamic scenes},
  author={Kuettel, Daniel and Breitenstein, Michael D and Van Gool, Luc and Ferrari, Vittorio},
  booktitle={CVPR},
  pages={1951--1958},
  year={2010},
}

@article{hospedales2011identifying,
  title={Identifying rare and subtle behaviors: A weakly supervised joint topic model},
  author={Hospedales, Timothy M and Li, Jian and Gong, Shaogang and Xiang, Tao},
  journal={PAMI},
  volume={33},
  number={12},
  pages={2451--2464},
  year={2011},
}

@inproceedings{kinoshita2014traffic,
  title={Traffic Incident Detection Using Probabilistic Topic Model.},
  author={Kinoshita, Akira and Takasu, Atsuhiro and Adachi, Jun},
  booktitle={EDBT/ICDT Workshops},
  pages={323--330},
  year={2014}
}

@article{blei2003latent,
  title={Latent dirichlet allocation},
  author={Blei, David M and Ng, Andrew Y and Jordan, Michael I},
  journal={the Journal of machine Learning research},
  volume={3},
  pages={993--1022},
  year={2003},
  publisher={JMLR. org}
}

@inproceedings{li2008global,
  title={Global Behaviour Inference using Probabilistic Latent Semantic Analysis.},
  author={Li, Jian and Gong, Shaogang and Xiang, Tao},
  booktitle={BMVC},
  volume={3231},
  pages={3232},
  year={2008}
}

@article{blei2006variational,
  title={Variational inference for Dirichlet process mixtures},
  author={Blei, David M and Jordan, Michael I and others},
  journal={Bayesian analysis},
  volume={1},
  number={1},
  pages={121--143},
  year={2006},
  publisher={International Society for Bayesian Analysis}
}

@article{casella1992explaining,
  title={Explaining the Gibbs sampler},
  author={Casella, George and George, Edward I},
  journal={The American Statistician},
  volume={46},
  number={3},
  pages={167--174},
  year={1992},
  publisher={Taylor \& Francis}
}
%=================================================
@inproceedings{swears2014complex,
  title={Complex Activity Recognition using Granger Constrained DBN (GCDBN) in Sports and Surveillance Video},
  author={Swears, Eran and Hoogs, Anthony and Ji, Qiang and Boyer, Kim},
  booktitle={CVPR},
  pages={788--795},
  year={2014},
}

@inproceedings{vo2014stochastic,
  title={From stochastic grammar to bayes network: Probabilistic parsing of complex activity},
  author={Vo, Nam N and Bobick, Aaron F},
  booktitle={CVPR},
  pages={2641--2648},
  year={2014},
}

@incollection{banerjee2014pose,
  title={Pose Filter Based Hidden-CRF Models for Activity Detection},
  author={Banerjee, Prithviraj and Nevatia, Ram},
  booktitle={Computer Vision--ECCV 2014},
  pages={711--726},
  year={2014},
  publisher={Springer}
}

@article{khan2011abnormal,
  title={Abnormal human activity recognition system based on R-transform and kernel discriminant technique for elderly home care},
  author={Khan, Zafar A and Sohn, Won},
  journal={Consumer Electronics, IEEE Transactions on},
  volume={57},
  number={4},
  pages={1843--1850},
  year={2011},
  publisher={IEEE}
}
%==============classifier=================
@article{deng2014cross,
  title={Cross-person activity recognition using reduced kernel extreme learning machine},
  author={Deng, Wan-Yu and Zheng, Qing-Hua and Wang, Zhong-Min},
  journal={Neural Networks},
  volume={53},
  pages={1--7},
  year={2014},
  publisher={Elsevier}
}

@article{althloothi2014human,
  title={Human activity recognition using multi-features and multiple kernel learning},
  author={Althloothi, Salah and Mahoor, Mohammad H and Zhang, Xiao and Voyles, Richard M},
  journal={Pattern recognition},
  volume={47},
  number={5},
  pages={1800--1812},
  year={2014},
  publisher={Elsevier}
}

@inproceedings{altun2004gaussian,
  title={Gaussian process classification for segmenting and annotating sequences},
  author={Altun, Yasemin and Hofmann, Thomas and Smola, Alexander J},
  booktitle={ICML},
  pages={4},
  year={2004},
}

@article{wang2008gaussian,
  title={Gaussian process dynamical models for human motion},
  author={Wang, Jack M and Fleet, David J and Hertzmann, Aaron},
  journal={PAMI},
  volume={30},
  number={2},
  pages={283--298},
  year={2008},
}

@incollection{baumann2013action,
  title={Action Recognition with HOG-OF Features},
  author={Baumann, Florian},
  booktitle={Pattern Recognition},
  pages={243--248},
  year={2013},
  publisher={Springer}
}

@inproceedings{chathuramali2012faster,
  title={Faster human activity recognition with SVM},
  author={Chathuramali, KG Manosha and Rodrigo, Ranga},
  booktitle={2012 international Conference on Advances in iCT for Emerging Regions (iCTer)},
  pages={197--203},
  year={2012},
}

@inproceedings{yin2012small,
  title={Small group human activity recognition},
  author={Yin, Yafeng and Yang, Guang and Xu, Jin and Man, Hong},
  booktitle={Image Processing (ICIP), 2012 19th IEEE International Conference on},
  pages={2709--2712},
  year={2012},
  organization={IEEE}
}

@article{robertson2006general,
  title={A general method for human activity recognition in video},
  author={Robertson, Neil and Reid, Ian},
  journal={Computer Vision and Image Understanding},
  volume={104},
  number={2},
  pages={232--248},
  year={2006},
  publisher={Elsevier}
}

%%===========================feature=========================

@inproceedings{scovanner20073,
  title={A 3-dimensional sift descriptor and its application to action recognition},
  author={Scovanner, Paul and Ali, Saad and Shah, Mubarak},
  booktitle={Proceedings of the 15th international conference on Multimedia},
  pages={357--360},
  year={2007},
  organization={ACM}
}

@article{wang2013dense,
  title={Dense trajectories and motion boundary descriptors for action recognition},
  author={Wang, Heng and Kl{\"a}ser, Alexander and Schmid, Cordelia and Liu, Cheng-Lin},
  journal={International Journal of Computer Vision},
  volume={103},
  number={1},
  pages={60--79},
  year={2013},
  publisher={Springer}
}

@phdthesis{nater2012abnormal,
  title={Abnormal behavior detection in surveillance videos},
  author={Nater, Fabian},
  year={2012},
  school={Diss., Eidgen{\"o}ssische Technische Hochschule ETH Z{\"u}rich, Nr. 20377, 2012}
}

%=====================online image================
@misc{subwayimage,
title={Subway station},
howpublished={\url{http://www.archives.gov.on.ca/en/explore/online/subway/big/big_18_bloor_danforth.aspx}}
}

@misc{trainimage,
title={Train station},
howpublished={\url{http://www.dailymail.co.uk/news/article-2558299/UK-weather-Travel-chaos-storms-rage-Britain.html}}
}

@misc{shoppingmallimg,
title={Shopping mall},
howpublished={\url{http://www.ilovehongkong.org/sha-tin-hong-kong/}}
}